@inproceedings{tappen2003recovering,
  title={Recovering intrinsic images from a single image},
  author={Tappen, Marshall F and Freeman, William T and Adelson, Edward H},
  booktitle={Advances in neural information processing systems},
  pages={1367--1374},
  year={2003}
}

@inproceedings{tappen2003comparison,
	title={Comparison of graph cuts with belief propagation for stereo, using identical MRF parameters},
	author={Tappen, Marshall F and Freeman, William T},
	booktitle={null},
	pages={900},
	year={2003},
	organization={IEEE}
}

@inproceedings{gur2019single,
	title={Single Image Depth Estimation Trained via Depth from Defocus Cues},
	author={Gur, Shir and Wolf, Lior},
	booktitle={Proceedings of the IEEE Conference on Computer Vision and Pattern Recognition},
	pages={7683--7692},
	year={2019}
}

@article{xie2017event,
	title={Event-based stereo depth estimation using belief propagation},
	author={Xie, Zhen and Chen, Shengyong and Orchard, Garrick},
	journal={Frontiers in neuroscience},
	volume={11},
	pages={535},
	year={2017},
	publisher={Frontiers}
}

@inproceedings{koch1998multi,
	title={Multi viewpoint stereo from uncalibrated video sequences},
	author={Koch, Reinhard and Pollefeys, Marc and Van Gool, Luc},
	booktitle={European conference on computer vision},
	pages={55--71},
	year={1998},
	organization={Springer}
}

@inproceedings{bay2006surf,
	title={Surf: Speeded up robust features},
	author={Bay, Herbert and Tuytelaars, Tinne and Van Gool, Luc},
	booktitle={European conference on computer vision},
	pages={404--417},
	year={2006},
	organization={Springer}
}
